@inproceedings{meier1999tracking,
  title={Tracking cars in range images using the condensation algorithm},
  author={Meier, Esther B and Ade, Frank},
  booktitle={Intelligent Transportation Systems, 1999. Proceedings. 1999 IEEE/IEEJ/JSAI International Conference on},
  pages={129--134},
  year={1999},
  organization={IEEE}
}

@inproceedings{romera2004tracking,
  title={Tracking multiple and dynamic objects with an extended particle filter and an adapted k--means clustering algorithm},
  author={Romera, Marta Marr{\'o}n and V{\'a}zquez, Miguel Angel Sotelo and Garc{\'\i}a, Juan Carlos Garc{\'\i}a},
  booktitle={Proceedings of the 5th IFAC/EURON Symposium on Intelligent Autonomous Vehicles (IAV 2004), Lisbon, Portugal},
  year={2004}
}

@article{bouwmans2008background,
  title={Background modeling using mixture of gaussians for foreground detection-a survey},
  author={Bouwmans, Thierry and El Baf, Fida and Vachon, Bertrand and others},
  journal={Recent Patents on Computer Science},
  volume={1},
  number={3},
  pages={219--237},
  year={2008}
}

@inproceedings{stauffer1999adaptive,
  title={Adaptive background mixture models for real-time tracking},
  author={Stauffer, Chris and Grimson, W Eric L},
  booktitle={Computer Vision and Pattern Recognition, 1999. IEEE Computer Society Conference on.},
  volume={2},
  year={1999},
  organization={IEEE}
}

@inproceedings{zivkovic2004improved,
  title={Improved adaptive Gaussian mixture model for background subtraction},
  author={Zivkovic, Zoran},
  booktitle={Pattern Recognition, 2004. ICPR 2004. Proceedings of the 17th International Conference on},
  volume={2},
  pages={28--31},
  year={2004},
  organization={IEEE}
}

@incollection{javed2006tracking,
  title={Tracking and object classification for automated surveillance},
  author={Javed, Omar and Shah, Mubarak},
  booktitle={Computer Visionâ€”ECCV 2002},
  pages={343--357},
  year={2006},
  publisher={Springer}
}

@article{hsieh2006automatic,
  title={Automatic traffic surveillance system for vehicle tracking and classification},
  author={Hsieh, Jun-Wei and Yu, Shih-Hao and Chen, Yung-Sheng and Hu, Wen-Fong},
  journal={Intelligent Transportation Systems, IEEE Transactions on},
  volume={7},
  number={2},
  pages={175--187},
  year={2006},
  publisher={IEEE}
}

@article{hsu2004real,
  title={Real-time traffic parameter extraction using entropy},
  author={Hsu, W-L and Liao, H-YM and Jeng, B-S and Fan, K-C},
  journal={IEE Proceedings-Vision, Image and Signal Processing},
  volume={151},
  number={3},
  pages={194--202},
  year={2004},
  publisher={IET}
}

@article{coifman1998real,
  title={A real-time computer vision system for vehicle tracking and traffic surveillance},
  author={Coifman, Benjamin and Beymer, David and McLauchlan, Philip and Malik, Jitendra},
  journal={Transportation Research Part C: Emerging Technologies},
  volume={6},
  number={4},
  pages={271--288},
  year={1998},
  publisher={Elsevier}
}

@article{magee2004tracking,
  title={Tracking multiple vehicles using foreground, background and motion models},
  author={Magee, Derek R},
  journal={Image and vision Computing},
  volume={22},
  number={2},
  pages={143--155},
  year={2004},
  publisher={Elsevier}
}

@inproceedings{kim2003fast,
  title={Fast vehicle detection with probabilistic feature grouping and its application to vehicle tracking},
  author={Kim, Z and Malik, Jitendra},
  booktitle={Computer Vision, 2003. Proceedings. Ninth IEEE International Conference on},
  pages={524--531},
  year={2003},
  organization={IEEE}
}

@book{gonzalez2008digital,
  title={Digital Image Processing},
  author={Gonzalez, R.C. and Woods, R.E.},
  year={2008},
  publisher={Pearson/Prentice Hall}
}

@book{thrun2005prob,
  title={Probabilistic Robotics},
  author={Thrun, S and Burgard, W and Fox, D},
  year={2005},
  publisher={MIT Press}
}